@inproceedings{survey01,
  author    = {Michael Crawford and Taghi M. Khoshgoftaar and Joseph D. Prusa and Aaron N. Richter and Hamzah Al Najada},
  title     = {Survey of review spam detection using machine learning techniques},
  booktitle = {Journal of Big Data},
  year      = {2015},
  
}

@misc{op_web,
author = {Bing Liu},
title = {Opinion Spam Detection: Detecting Fake Reviews and Reviewers},
howpublished = {\url{https://www.cs.uic.edu/~liub/FBS/fake-reviews.html}}, year = {2012}
}

@misc{dataset,
author = {Myle Ott},
title = {Deceptive Opinion Spam Corpus v1.4},
howpublished = {\url{http://myleott.com/op_spam/}}, 
}

@misc{op_set,
author = {Bing Liu},
title = {Opinion Mining, Sentiment Analysis, and Opinion Spam Detection},
howpublished = {\url{https://www.cs.uic.edu/~liub/FBS/sentiment-analysis.html}}, 
}


@article{paper1,
author = {Nitin Jindal and Bing Liu},
title = {Review Spam Detection},
journal = {WWW},
year = {2007}
}



@article{paper2,
author = {Bing Liu},
title = {Sentiment Analysis: A Multi-Faceted Problem},
journal = {IEEE Intelligent Systems},
year = {2010}
}

@article{paper3,
author = {Michael Crawford et.al},
title = {Survey of review spam detection using
machine learning techniques},
journal = {Journal of Big Data},
year = {2015}
}

@article{paper4,
author = {Nitin Jindal and Bing Liu},
title = {Opinion Spam and Analysis},
journal = {WSDM},
year = {2008}
}

@inproceedings{li2011learning,
  title={Learning to identify review spam},
  author={Li, Fangtao and Huang, Minlie and Yang, Yi and Zhu, Xiaoyan},
  booktitle={IJCAI Proceedings-International Joint Conference on Artificial Intelligence},
  volume={22},
  number={3},
  pages={2488},
  year={2011}
}

@article{liu2012sentiment,
  title={Sentiment analysis and opinion mining},
  author={Liu, Bing},
  journal={Synthesis lectures on human language technologies},
  volume={5},
  number={1},
  pages={1--167},
  year={2012},
  publisher={Morgan \& Claypool Publishers}
}


@techreport{mukherjee2014opinion,
  title={Opinion Spam Detection: An Unsupervised Approach using Generative Models},
  author={Mukherjee, Arjun and Venkataraman, Vivek},
  year={2014},
  institution={UH-CS-TR-2014}
}


